%%%%%%%%%%%%%%%%%%%%%%%%%%%%%%%%%%%%%%%%%%%%%%%%%%%%%%%%%%%%%%%%%%%%%%%%%%%%%%%%
%                                                                              %
%                                Bibliography                                  %
%                                ------------                                  %
%                                                                              %
%                    Conference on Mechanical Translation                      %
%                                                                              %
%                               17-20 June 1952                                %
%                    Massachusetts Institute of Technology                     %
%                                                                              %
%               http://www.mt-archive.info/50/MIT-1952-TOC.htm                 %
%                                                                              %
%%%%%%%%%%%%%%%%%%%%%%%%%%%%%%%%%%%%%%%%%%%%%%%%%%%%%%%%%%%%%%%%%%%%%%%%%%%%%%%%



%%%%%%%%%%%%%%%%%%%%%%%%%%%%%%%%%%%%%%%%%%%%%%%%%%%%%%%%%%%%%%%%%%%%%%%%%%%%%%%%
%               Pre-conference material circulated to attendees                %
%%%%%%%%%%%%%%%%%%%%%%%%%%%%%%%%%%%%%%%%%%%%%%%%%%%%%%%%%%%%%%%%%%%%%%%%%%%%%%%%

@Misc{Weaver_memo_1949,
    author       = {Weaver, Warren},
    title        = {Translation},
    year         = {1949},
    month        = {July},
    howpublished = {Memorandum},
    organization = {The Rockefeller Foundation},
	url          = {http://www.mt-archive.info/50/Weaver-1949.pdf}
}




%%%%%%%%%%%%%%%%%%%%%%%%%%%%%%%%%%%%%%%%%%%%%%%%%%%%%%%%%%%%%%%%%%%%%%%%%%%%%%%%
%   June 17, evening: session I (public session) - chair Jerome B. Wiesner     %
%%%%%%%%%%%%%%%%%%%%%%%%%%%%%%%%%%%%%%%%%%%%%%%%%%%%%%%%%%%%%%%%%%%%%%%%%%%%%%%%


@InProceedings{ 1952_06_17_BarHillel,
    author       = {Bar-Hillel, Yehoshua},
    title        = {Mechanical translation: needs and possibilities},
    booktitle    = {Proceedings of the 1st Conference on Mechanical Translation},
    organization = {Massachusetts Institute of Technology},
    address      = {Cambridge, Massachusetts},
    year         = {1952},
    month        = {June},
    url          = {http://www.mt-archive.info/50/MIT-1952-Bar-Hillel-1.pdf}
}


@InProceedings{ 1952_06_17_Dostert,
    author       = {Dostert, Leon},
    title        = {Human translation versus machine translation},
    booktitle    = {Proceedings of the 1st Conference on Mechanical Translation},
    organization = {Massachusetts Institute of Technology},
    address      = {Cambridge, Massachusetts},
    year         = {1952},
    month        = {June},
    pages        = {7--50}
}



%%%%%%%%%%%%%%%%%%%%%%%%%%%%%%%%%%%%%%%%%%%%%%%%%%%%%%%%%%%%%%%%%%%%%%%%%%%%%%%%
%             June 18, morning: session II - chair: Leon Dostert               %
%%%%%%%%%%%%%%%%%%%%%%%%%%%%%%%%%%%%%%%%%%%%%%%%%%%%%%%%%%%%%%%%%%%%%%%%%%%%%%%%



%%%%%%%%%%%%%%%%%%%%%%%%%%%%%%%%%%%%%%%%%%%%%%%%%%%%%%%%%%%%%%%%%%%%%%%%%%%%%%%%
%            June 18, afternoon: session III - chair: A.C.Reynolds             %
%%%%%%%%%%%%%%%%%%%%%%%%%%%%%%%%%%%%%%%%%%%%%%%%%%%%%%%%%%%%%%%%%%%%%%%%%%%%%%%%


%%%%%%%%%%%%%%%%%%%%%%%%%%%%%%%%%%%%%%%%%%%%%%%%%%%%%%%%%%%%%%%%%%%%%%%%%%%%%%%%
%             June 19, morning: session IV - chair: A. Don Booth               %
%%%%%%%%%%%%%%%%%%%%%%%%%%%%%%%%%%%%%%%%%%%%%%%%%%%%%%%%%%%%%%%%%%%%%%%%%%%%%%%%


%%%%%%%%%%%%%%%%%%%%%%%%%%%%%%%%%%%%%%%%%%%%%%%%%%%%%%%%%%%%%%%%%%%%%%%%%%%%%%%%
%            June 20, morning: session V - chair: William E. Bull              %
%%%%%%%%%%%%%%%%%%%%%%%%%%%%%%%%%%%%%%%%%%%%%%%%%%%%%%%%%%%%%%%%%%%%%%%%%%%%%%%%


%%%%%%%%%%%%%%%%%%%%%%%%%%%%%%%%%%%%%%%%%%%%%%%%%%%%%%%%%%%%%%%%%%%%%%%%%%%%%%%%
%                                                                              %
%                  This is a BibTex-style bibliography file.                   %
%                                                                              %
%                     For more information about BibTex,                       %
%                   see http://en.wikipedia.org/wiki/BibTeX                    %
%                                                                              %
%%%%%%%%%%%%%%%%%%%%%%%%%%%%%%%%%%%%%%%%%%%%%%%%%%%%%%%%%%%%%%%%%%%%%%%%%%%%%%%%



