@article{akin2007zemberek,
  title={Zemberek, an open source NLP framework for Turkic Languages},
  author={Ak{\i}n, Ahmet Afsin and Ak{\i}n, Mehmet D{\"u}ndar},
  journal={Structure},
  volume={10},
  pages={1--5},
  year={2007}
}

@misc{Korkut2015,
  author       = {Cumhur Korkut},
  title        = {Guguk},
  year         = {2015},
  publisher    = {GitHub},
  journal      = {GitHub repository},
  howpublished = {\url{https://github.com/joom/Guguk}},
}

@inproceedings{oflazer1994tagging,
  title={Tagging and morphological disambiguation of Turkish text},
  author={Oflazer, Kemal and Kuru{\"o}z, {\`I}lker},
  booktitle={Proceedings of the fourth conference on Applied natural language processing},
  pages={144--149},
  year={1994},
  organization={Association for Computational Linguistics}
}

@article{antworth1991pc,
  title={PC-KIMMO: a two-level processor for morphological analysis},
  author={Antworth, Evan L},
  year={1991}
}

@incollection{oflazer2003building,
  title={Building a Turkish treebank},
  author={Oflazer, Kemal and Say, Bilge and Hakkani-T{\"u}r, Dilek Zeynep and T{\"u}r, G{\"o}khan},
  booktitle={Treebanks},
  pages={261--277},
  year={2003},
  publisher={Springer}
}

@book{bachman1990,
  Author = {Lyle F. Bachman},
  Title = {Fundamental Considerations in Language Testing (Oxford Applied Linguistics)},
  Publisher = {Oxford University Press},
  Year = {1990},
  ISBN = {0194370038},
  URL = {http://www.amazon.com/Fundamental-Considerations-Language-Testing-Linguistics/dp/0194370038%3FSubscriptionId%3D0JYN1NVW651KCA56C102%26tag%3Dtechkie-20%26linkCode%3Dxm2%26camp%3D2025%26creative%3D165953%26creativeASIN%3D0194370038}
}

@article{kabak2001,
  title={The phonological word and stress assignment in Turkish},
  author={Kabak, Baris and Vogel, Irene},
  journal={Phonology},
  volume={18},
  number={03},
  pages={315--360},
  year={2001},
  publisher={Cambridge Univ Press}
}

@book{erguvanli,
  Author = {Eser Emine Erguvanli},
  Title = {The Function of Word Order in Turkish Grammar (University of California Publications in Linguistics, Vol. 106)},
  Publisher = {University of California Press},
  Year = {1984},
  ISBN = {0520099559},
  URL = {http://www.amazon.com/Function-University-California-Publications-Linguistics/dp/0520099559%3FSubscriptionId%3D0JYN1NVW651KCA56C102%26tag%3Dtechkie-20%26linkCode%3Dxm2%26camp%3D2025%26creative%3D165953%26creativeASIN%3D0520099559}
}

@inproceedings{dincer2008suffix,
  title={A suffix based part-of-speech tagger for turkish},
  author={Dincer, Taner and Karaoglan, Bahar and Kisla, Tarik},
  booktitle={Information Technology: New Generations, 2008. ITNG 2008. Fifth International Conference on},
  pages={680--685},
  year={2008},
  organization={IEEE}
}